<?xml version="1.0" encoding="UTF-8"?><collection xmlns="http://www.loc.gov/MARC21/slim"><record><leader>00464nam--2200169-i-4500</leader><controlfield tag="001">000028416</controlfield><controlfield tag="002">20161230</controlfield><controlfield tag="005">20161230201037</controlfield><controlfield tag="008">060222s1000------------r-----000-0-eng-d</controlfield><datafield ind1=" " ind2=" " tag="040"><subfield code="a">IFIN-HH</subfield></datafield><datafield ind1=" " ind2=" " tag="080"><subfield code="a">531.5</subfield></datafield><datafield ind1="1" ind2=" " tag="100"><subfield code="a">Kuchowicz, Bronislaw</subfield></datafield><datafield ind1="1" ind2="0" tag="245"><subfield code="a">Some new solutions of the gravitational field equations</subfield><subfield code="c">Bronislaw kuchowicz</subfield></datafield><datafield ind1=" " ind2=" " tag="260"><subfield code="a">Warsaw</subfield><subfield code="b">University Of Warsaw</subfield><subfield code="c">1966</subfield></datafield><datafield ind1=" " ind2=" " tag="300"><subfield code="a">20P</subfield></datafield><datafield ind1=" " ind2=" " tag="852"><subfield code="a">23012</subfield><subfield code="c">539.12</subfield></datafield><datafield ind1=" " ind2=" " tag="CAT"><subfield code="a">Sys</subfield><subfield code="c">20111104</subfield><subfield code="h">122643</subfield></datafield></record></collection>